
%% This BibTeX bibliography file in UTF-8 format was created using Papers.
%% http://mekentosj.com/papers/

@inproceedings{Welsh:2009,
author = {M Welsh and D Culler and E Brewer}, 
title = {SEDA: An Architecture for Well-Conditioned, Scalable Internet Services},
booktitle = {Proceedings of SOSP 18},
year = {2001},
abstract = {Abstract We propose a new design for highly concurrent Internet services, which we call the staged event-driven architecture (SEDA). SEDA is intended to support massive concurrency demands and simplify the construc- tion of },
date-added = {2008-01-15 15:25:59 +0100},
date-modified = {2008-01-15 15:26:17 +0100},
pmid = {12012291446074280150related:1oi4JW07tKYJ},
URL = {http://portal.acm.org/citation.cfm?doid=502059.502057},
local-url = {file://localhost/Users/stepn/Papers/Welsh/SEDA%20An%20Architecture%20for%20Well-Conditioned-Welsh2009p462.pdf},
uri = {papers://B29005FB-CA4C-438F-A8A5-25542054A884/Paper/p462},
rating = {3}
}

@article{Haller:2007,
author = {P Haller and M Odersky}, 
journal = {LNCS},
volume = {4467},
title = {Actors that unify threads and events},
abstract = { an  of  [32,8]. In previous work [15], we developed - actors which let one  -driven systems without  of . },
year = {2007},
month = {Jan},
date-added = {2009-05-17 00:50:02 +0200},
date-modified = {2009-05-17 00:50:02 +0200},
pmid = {1006694103386800068related:xL_ZDfR--A0J},
URL = {http://www.springerlink.com/index/m163j1v1k82432g7.pdf},
uri = {papers://B29005FB-CA4C-438F-A8A5-25542054A884/Paper/p841},
rating = {0}
}


@techreport{Odersky:2004,
author = {M Odersky and P Altherr and V Cremet and B Emir and S Maneth}, 
institution = {EPFL},
number = {LAMP-EPFL 2006-001},
title = {An overview of the Scala programming language},
abstract = { programming. For statically typed , of which  is an instance, these two paradigms were up to now largely separate. To },
year = {2006},
month = {Jan},
date-added = {2009-05-17 00:54:39 +0200},
date-modified = {2009-05-17 00:54:39 +0200},
pmid = {13931879957820771548related:3IxK4wH7V8EJ},
URL = {http://citeseerx.ist.psu.edu/viewdoc/download?doi=10.1.1.127.184&rep=rep1&type=pdf},
uri = {papers://B29005FB-CA4C-438F-A8A5-25542054A884/Paper/p925},
rating = {0}
}

@inproceedings{Hupfeld:2007,
author = {F Hupfeld and T Cortes and B Kolbeck and E Focht and M Hess and J Malo and J Marti and J Stender and E Cesario},
title = {XtreemFS - a case for object-based storage in Grid data management},
booktitle = {Proceedings of 33th International Conference on Very Large Data Bases (VLDB) Workshops},
year = {2007}}
